@ARTICLE{November,
    author = {{November}, L.~J. and {Toomre}, J. and {Gebbie}, K.~B. and {Simon}, G.~W.},
    title = "{The detection of mesogranulation on the sun}",
    journal = {\apjl},
    keywords = {Convective Flow, Solar Atmosphere, Solar
    Granulation, Solar Physics, Vertical Motion, Velocity
    Distribution, Velocity Measurement},
    year = 1981,
    month = may,
    volume = 245,
    pages = {L123-L126},
    doi = {10.1086/183539},
    adsurl = {http://cdsads.u-strasbg.fr/abs/1981ApJ...245L.123N},
    adsnote = {Provided by the SAO/NASA Astrophysics Data System}
}

@article{Nak,
    author={Valery M. Nakariakov and Erwin Verwichte},
    title={Coronal Waves and Oscillations},
    journal={Living Rev. Solar Phys.},
    number={2},
    url={http://www.livingreviews.org/Irsp-2005-3},
    year={2005}
}

@article{kink_1,
  author={Markus J. Aschwanden and Lyndsay Fletcher and
  Carolus J. Schrijver and David Alexander},
  title={Coronal Loop Oscillations Observed with the Transition Region
  and Coronal Explorer},
  journal={The Astrophysical Journal},
  volume={520},
  number={2},
  pages={880},
  url={http://stacks.iop.org/0004-637X/520/i=2/a=880},
  year={1999},
}

@ARTICLE{kink_2,
           author = {{Pascoe}, D.~J. and {Wright}, A.~N. and {De Moortel}, I. and
                        {Hood}, A.~W.},
            title = "{Excitation and damping of broadband kink waves in the solar corona}",
          journal = {\aap},
         keywords = {magnetohydrodynamics (MHD), Sun: atmosphere, Sun: corona, Sun: magnetic topology, Sun: oscillations, waves},
             year = 2015,
            month = jun,
           volume = 578,
              eid = {A99},
            pages = {A99},
              doi = {10.1051/0004-6361/201321328},
           adsurl = {http://cdsads.u-strasbg.fr/abs/2015A%26A...578A..99P},
          adsnote = {Provided by the SAO/NASA Astrophysics Data System}
        }
